% Encoding: UTF-8

@Book{tomek2014,
  author    = {Tomek, William G and Kaiser, Harry M},
  publisher = {Cornell University Press},
  title     = {Agricultural Product Prices},
  year      = {2014},
  edition   = {5th},
}

@Article{myers2010,
  author    = {Myers, Robert J and Sexton, Richard J and Tomek, William G},
  journal   = {American Journal of Agricultural Economics},
  title     = {{A Century of Research on Agricultural Markets}},
  year      = {2010},
  number    = {2},
  pages     = {376--403},
  volume    = {92},
  publisher = {Oxford University Press},
}

@Article{goodwin2002,
  author    = {Goodwin, Barry K and Grennes, Thomas J and Craig, Lee A},
  journal   = {Explorations in Economic History},
  title     = {{Mechanical Refrigeration and the Integration of Perishable Commodity Markets}},
  year      = {2002},
  number    = {2},
  pages     = {154--182},
  volume    = {39},
  publisher = {Elsevier},
}

@Article{barrett2002,
  author    = {Barrett, Christopher B and Li, Jau Rong},
  journal   = {American Journal of Agricultural Economics},
  title     = {{Distinguishing Between Equilibrium and Integration in Spatial Price Analysis}},
  year      = {2002},
  number    = {2},
  pages     = {292--307},
  volume    = {84},
  publisher = {Wiley Online Library},
}

@Comment{jabref-meta: databaseType:bibtex;}
